@Book{dtse,
author = {Francky Catthoor and Sven Wuytack and G.E. de Greef and Florin Banica and Lode Nachtergaele and Arnout Vandecappelle},
title = {Custom Memory Management Methodology: Exploration of Memory Organisation for Embedded Multimedia System Design},
publisher = {Springer},
year = {1998},
}



@book{tcm,
 author = {Ma, Zhe and others},
 title = {Systematic Methodology for Real-Time Cost-Effective Mapping of Dynamic Concurrent Task-Based Systems on Heterogenous Platforms},
 year = {2007},
 isbn = {1402063288, 9781402063282},
 edition = {1st},
 publisher = {Springer Publishing Company, Incorporated},
} 


@PhdThesis{narasinga,
author = {Narasinga Rao Miniskar},
title = {System Scenario Based Resource Management of Processing Elements on MPSoC},
school = {Katholieke Universiteit Leuven},
year = {2012},
}


@article{Gheorghita2007,
 author = {Gheorghita, Stefan Valentin and and others},
 title = {System-scenario-based design of dynamic embedded systems},
 journal = {ACM Trans. Des. Autom. Electron. Syst.},
 issue_date = {January 2009},
 volume = {14},
 number = {1},
 month = jan,
 year = {2009},
 issn = {1084-4309},
 pages = {3:1--3:45},
 articleno = {3},
 numpages = {45},
 acmid = {1455232},
 publisher = {ACM},
 address = {New York, NY, USA},
 keywords = {Design methodology, dynamic nature, embedded systems, energy reduction, real-time systems, system scenarios},
}

@ARTICLE{Gonzalez1996,
author={Gonzalez, R. and Horowitz, M.},
journal={Solid-State Circuits, IEEE Journal of}, title={Energy dissipation in general purpose microprocessors},
year={1996},
month={sep},
volume={31},
number={9},
pages={1277 -1284},
keywords={clock network;energy dissipation;energy-delay product;general purpose microprocessors;instruction level parallelism;on-chip memories;pipelining;integrated circuit design;microprocessor chips;parallel architectures;pipeline processing;},
doi={10.1109/4.535411},
ISSN={0018-9200},}

@INPROCEEDINGS{Elena2010,
author={Hammari, E. and Catthoor, F. and Huisken, J. and Kjeldsberg, P G },
booktitle={NORCHIP, 2010}, title={Application of medium-grain multiprocessor mapping methodology to epileptic seizure predictor},
year={2010},
month={nov.},
volume={},
number={},
pages={1 -6},
keywords={Lyapunov exponent calculator;epileptic seizure predictor;medical signal processing application;medium-grain multiprocessor mapping methodology;multiprocessor system-on-chip;task concurrency management methodology;thread node splitting technique;medical signal processing;multiprocessing systems;system-on-chip;},
doi={10.1109/NORCHIP.2010.5669489},
ISSN={},}

@INPROCEEDINGS{Artes2011,
author={Artes, A. and others},
booktitle={VLSI and System-on-Chip (VLSI-SoC), 2011 IEEE/IFIP 19th International Conference on}, title={Run-time self-tuning banked loop buffer architecture for power optimization of dynamic workload applications},
year={2011},
month={oct.},
volume={},
number={},
pages={136 -141},
keywords={dynamic energy consumption;dynamic workload applications;embedded systems;energy budget distribution;instruction memory organization;leakage energy consumption;post-layout simulations;power optimization;run-time loop buffer controller;run-time self-tuning banked loop buffer architecture;single monolithic memory;total energy consumption;buffer circuits;computer power supplies;embedded systems;memory architecture;},
doi={10.1109/VLSISoC.2011.6081635},
ISSN={},}

@article{Iasemidis2005,
	title = "Long-term prospective on-line real-time seizure prediction",
	journal = "Clinical Neurophysiology",
	volume = "116",
	number = "3",
	pages = "532--544",
	year = "2005",
	author = "L.D. Iasemidis and others",
}

@article{Iasemidis2011,
 author = {Iasemidis, L.D.},
 title = {Seizure Prediction and its Applications},
 journal = {Neurosurg. Clin. N. Am.},
 volume = {22}, 
 pages = {489--506},
 year = {2011}
}

@InProceedings{graybox,
author = {Himpe, Stefaan
and Deconinck, Geert
and Catthoor, Francky
and van Meerbergen, J},
title = {Mtg* and grey-box: modelling dynamic multimedia applications with concurrency and non-determinism},
booktitle = {System Specification and Design Languages: Best of FDLâ€™02},
year = {2002}
}

@INPROCEEDINGS{Valgrind,
author={Nicholas Nethercote and Julian Seward},
booktitle={Proceedings of the Third International ACM SIGPLAN/SIGOPS Conference on Virtual Execution Environments}, 
title={How to Shadow Every Byte of Memory Used by a Program},
year={2007},
month={},
volume={},
number={},
pages={},
}

@INPROCEEDINGS{Ben00b,
author={Benini, L. and Macii, A. and Poncino, M.},
booktitle={Low Power Electronics and Design, 2000. ISLPED '00. Proceedings of the 2000 International Symposium on}, title={A recursive algorithm for low-power memory partitioning},
year={2000},
month={},
volume={},
number={},
pages={ 78 - 83},
keywords={ ARM processor; automatic partitioning; average energy savings; dynamic execution profile; embedded systems; globally optimum solution; low-power memory partitioning; memory access patterns; memory-processor integration; multi-banked SRAM architecture; on-chip SRAM; power cost metrics; recursive algorithm; SRAM chips; application specific integrated circuits; embedded systems; logic partitioning; low-power electronics; microprocessor chips;},
doi={10.1109/LPE.2000.155257},
ISSN={},}

@ARTICLE{Ben00c,
author={Benini, L. and others},
journal={Design Test of Computers, IEEE}, title={Increasing energy efficiency of embedded systems by application-specific memory hierarchy generation},
year={2000},
month={apr-jun},
volume={17},
number={2},
pages={74 -85},
keywords={MP3 decoder;application-specific memory hierarchy generation;automatic memory hierarchy generation;embedded software;embedded systems;energy efficiency;memory access locality;decoding;embedded systems;optimisation;systems analysis;},
doi={10.1109/54.844336},
ISSN={0740-7475},}



@INPROCEEDINGS{Ben00d,
author={Benini, L. and Macii, A. and Poncino, M.},
booktitle={Design Automation Conference, 2000. Proceedings 2000. 37th}, title={Synthesis of application-specific memories for power optimization in embedded systems},
year={2000},
month={},
volume={},
number={},
pages={300 -303},
keywords={},
doi={10.1109/DAC.2000.855324},
ISSN={},}


@Book{Mac02,
author = {A. Macii and L. Benini and M. Poncino},
title = {Memory Design Techniques for Low-Energy Embedded Systems},
publisher = {Kluwer Academic Publishers},
year = {2002},
}

@article{Garcia,
 author = {Garcia, Philip and Compton, Katherine and Schulte, Michael and Blem, Emily and Fu, Wenyin},
 title = {An overview of reconfigurable hardware in embedded systems},
 journal = {EURASIP J. Embedded Syst.},
 issue_date = {January 2006},
 volume = {2006},
 number = {1},
 month = jan,
 year = {2006},
 issn = {1687-3955},
 pages = {13--13},
 numpages = {1},
 acmid = {1288236},
 publisher = {Hindawi Publishing Corp.},
 address = {New York, NY, United States},
} 

@INPROCEEDINGS {Pal06,
author = {Palkovic, Martin and Catthoor, Francky and Corporaal, Henk},
booktitle={ODES: 4th Workshop on Optimizations for DSP and Embedded Systems},
title = {Dealing with variable trip count loops in system level exploration.},
year={2006},
}

@INPROCEEDINGS{Pal07,
author={Palkovic, M. and Corporaal, H. and Catthoor, F.},
booktitle={System-on-Chip, 2007 International Symposium on}, title={Heuristics for Scenario Creation to Enable General Loop Transformations},
year={2007},
month={nov.},
volume={},
number={},
pages={1 -4},
keywords={advanced global loop transformation;control flow graph;design time optimization;embedded system;data flow graphs;embedded systems;optimisation;program control structures;},
doi={10.1109/ISSOC.2007.4427430},
ISSN={07EX1846C},}

@Article{Pal06b,
author = {Palkovic, Martin and others},
title = {Systematic Preprocessing of Data Dependent Constructs for Embedded Systems },
journal = {Journal of Low Power Electronics, Volume 2, Number 1 },
year = {2006},
}

@Book{patterson,
author = {Patterson, D.A. and Hennessy, J.L.},
title = {Exploiting Memory Hierarchy in Computer Organization and Design the HW/SW Intelface},
publisher = {Morgan Kaufmann},
year = {1994},
}

@INPROCEEDINGS{dvfs,
author={Portero, A. and others},
booktitle={Application-specific Systems, Architectures and Processors, 2006. ASAP '06. International Conference on}, title={Dynamic Voltage Scaling for Power Efficient MPEG4-SP Implementation},
year={2006},
month={sept. },
volume={},
number={},
pages={257 -260},
keywords={},
doi={10.1109/ASAP.2006.28},
ISSN={1063-6862},}

@ARTICLE{viterbi,
author={Viterbi, A.},
journal={Information Theory, IEEE Transactions on}, title={Error bounds for convolutional codes and an asymptotically optimum decoding algorithm},
year={1967},
month={april },
volume={13},
number={2},
pages={260 -269},
keywords={Convolutional codes;},
doi={10.1109/TIT.1967.1054010},
ISSN={0018-9448},}

@inproceedings{avd,
 author = {Swaminathan, Sriram and others},
 title = {A dynamically reconfigurable adaptive viterbi decoder},
 booktitle = {Proceedings of the 2002 ACM/SIGDA tenth international symposium on Field-programmable gate arrays},
 series = {FPGA '02},
 year = {2002},
 isbn = {1-58113-452-5},
 location = {Monterey, California, USA},
 pages = {227--236},
 numpages = {10},
 acmid = {503081},
 publisher = {ACM},
 address = {New York, NY, USA},
 keywords = {FPGA, Viterbi coding, dynamic reconfiguration},
} 

@INPROCEEDINGS{Ben99,
author={Simunic, T. and Benini, L. and De Micheli, G.},
booktitle={Design Automation Conference, 1999. Proceedings. 36th}, title={Cycle-accurate simulation of energy consumption in embedded systems },
year={1999},
month={},
volume={},
number={},
pages={867 -872},
keywords={DC-DC converter;Dhrystone benchmark;L2 cache;SmartBadge;StrongARM-1100 processor;embedded systems;energy consumption;energy model;instruction-level cycle-accurate simulator;interconnect;real-time MPEG feature;simulation methodology;DC-DC power convertors;circuit CAD;circuit simulation;digital simulation;embedded systems;instruction sets;integrated circuit design;low-power electronics;},
doi={10.1109/DAC.1999.782199},
ISSN={},}

@INPROCEEDINGS{Che09,
author={Cheung, E. and Hsieh, H. and Balarin, F.},
booktitle={Design Automation Conference, 2009. ASP-DAC 2009. Asia and South Pacific}, title={Memory subsystem simulation in software TLM/T models},
year={2009},
month={jan.},
volume={},
number={},
pages={811 -816},
keywords={caches;industrial-strength MPEG-2 decoder;memory addresses;memory subsystem simulation;multiprocessor system-on-a-chips;reverse address map;software transition-level modeling;cache storage;decoding;multiprocessing systems;storage allocation;system-on-chip;video coding;},
doi={10.1109/ASPDAC.2009.4796580},
ISSN={},}


@article{Pgk01,
 author = {Panda, P. R. and others},
 title = {Data and memory optimization techniques for embedded systems},
 journal = {ACM Trans. Des. Autom. Electron. Syst.},
 issue_date = {April 2001},
 volume = {6},
 number = {2},
 month = apr,
 year = {2001},
 issn = {1084-4309},
 pages = {149--206},
 numpages = {58},
 acmid = {375978},
 publisher = {ACM},
 address = {New York, NY, USA},
 keywords = {DRAM, SRAM, address generation, allocation, architecture exploration, code transformation, data cache, data optimization, high-level synthesis, memory architecture customization, memory power dissipation, register file, size estimation, survey},
} 


