@article{1,
  title={Latest trends in telecommunication standards},
  author={Costa-P{\'e}rez, Xavier and Festag, Andreas and Kolbe, Hans-Joerg and Quittek, Juergen and Schmid, Stefan and Stiemerling, Martin and Swetina, Joerg and Van Der Veen, Hans},
  journal={ACM SIGCOMM Computer Communication Review},
  volume={43},
  number={2},
  pages={64--71},
  year={2013},
  publisher={ACM}
}

@article{2,
  title={Software defined radio: Challenges and opportunities},
  author={Ulvers{\o}y, Tore},
  journal={Communications Surveys \& Tutorials, IEEE},
  volume={12},
  number={4},
  pages={531--550},
  year={2010},
  publisher={IEEE}
}

@inproceedings{3,
  title={Adaptive time synchronization for VHT wireless LAN},
  author={Chavali, Nanda Kishore and Pilli, Venkata Krishna Reddy},
  booktitle={Proceedings of the International Conference on Advances in Computing, Communications and Informatics},
  pages={312--317},
  year={2012},
  organization={ACM}
}

@online{4,
author = {IEEE},
title = {Specification frame work for ac: IEEE 802.11-09/0992r21},
year = {2011},
url = {www.ieee.org},
}

@inproceedings{5,
  title={Frequency-time domain transmit power adaptation for a multicarrier system in fading channels},
  author={Jang, Jiho and Lee, Kwang Bok and Lee, Yong-Hwan},
  booktitle={Personal, Indoor and Mobile Radio Communications, 2001 12th IEEE International Symposium on},
  volume={1},
  pages={D--100},
  year={2001},
  organization={IEEE}
}

@article{6,
  title={Transmit power adaptation for multiuser OFDM systems},
  author={Jang, Jiho and Lee, Kwang Bok},
  journal={Selected Areas in Communications, IEEE Journal on},
  volume={21},
  number={2},
  pages={171--178},
  year={2003},
  publisher={IEEE}
}

@book{7,
  title={Intersymbol Interference in Digital Communication Systems},
  author={Proakis, John G},
  year={2001},
  publisher={Wiley Online Library}
}


@article{8,
  title={Multiuser OFDM with adaptive subcarrier, bit, and power allocation},
  author={Wong, Cheong Yui and Cheng, Roger S and Lataief, K Ben and Murch, Ross D},
  journal={Selected Areas in Communications, IEEE Journal on},
  volume={17},
  number={10},
  pages={1747--1758},
  year={1999},
  publisher={IEEE}
}

@inproceedings{9,
  title={Water filling in cellar: the optimal power allocation policy with channel and buffer state information},
  author={Chen, Wei and Fan, Pingyi and Cao, Zhigang},
  booktitle={Communications, 2005. ICC 2005. 2005 IEEE International Conference on},
  volume={1},
  pages={537--541},
  year={2005},
  organization={IEEE}
}

@article{10,
  title={Optimal and suboptimal power allocation schemes for OFDM-based cognitive radio systems},
  author={Bansal, Gaurav and Hossain, Md Jahangir and Bhargava, Vijay K},
  journal={Wireless Communications, IEEE Transactions on},
  volume={7},
  number={11},
  pages={4710--4718},
  year={2008},
  publisher={IEEE}
}

@inproceedings{11,
  title={Subcarrier and power adaptation for multiuser OFDM-based cognitive radio systems},
  author={Bansal, Gaurav and Hasan, Ziaul and Hossain, Md Jahangir and Bhargava, Vijay K},
  booktitle={Communications (NCC), 2010 National Conference on},
  pages={1--5},
  year={2010},
  organization={IEEE}
}

@article{12,
  title={Optimal power allocation for fading channels in cognitive radio networks: Ergodic capacity and outage capacity},
  author={Kang, Xin and Liang, Ying-Chang and Nallanathan, Arumugam and Garg, Krishna and Zhang, Rui},
  journal={Wireless Communications, IEEE Transactions on},
  volume={8},
  number={2},
  pages={940--950},
  year={2009},
  publisher={IEEE}
}

@phdthesis{13,
  title={Dealing with dynamism in embedded system design: application scenarios},
  author={Gheorghita, Stefan Valentin},
  year={2007},
  school={Technische Universiteit Eindhoven}
}

@inproceedings{14,
  title={Application scenarios in streaming-oriented embedded system design},
  author={Gheorghita, Stefan Valentin and Basten, Twan and Corporaal, Henk},
  booktitle={System-on-Chip, 2006. International Symposium on},
  pages={1--4},
  year={2006},
  organization={IEEE}
}

@inproceedings{15,
  title={Intra-task scenario-aware voltage scheduling},
  author={Gheorghita, Stefan Valentin and Basten, Twan and Corporaal, Henk},
  booktitle={Proceedings of the 2005 international conference on Compilers, architectures and synthesis for embedded systems},
  pages={177--184},
  year={2005},
  organization={ACM}
}

@article{16,
  title={Scenario-based resource prediction for QoS-aware media processing},
  author={Hamers, Juan and Eeckhout, Lieven},
  journal={Computer},
  number={10},
  pages={56--63},
  year={2010},
  publisher={IEEE}
}

@article{17,
  title={System-scenario-based design of dynamic embedded systems},
  author={Gheorghita, Stefan Valentin and Palkovic, Martin and Hamers, Juan and Vandecappelle, Arnout and Mamagkakis, Stelios and Basten, Twan and Eeckhout, Lieven and Corporaal, Henk and Catthoor, Francky and Vandeputte, Frederik and others},
  journal={ACM Transactions on Design Automation of Electronic Systems (TODAES)},
  volume={14},
  number={1},
  pages={3},
  year={2009},
  publisher={ACM}
}

@book{18,
  title={Digital communications: design for the real world},
  author={Bateman, Andrew},
  year={1999},
  publisher={Addison-Wesley}
}

@inproceedings{19,
  title={Towards generic low-power area-efficient standard cell based memory architectures},
  author={Meinerzhagen, P and Roth, C and Burg, A},
  booktitle={Circuits and Systems (MWSCAS), 2010 53rd IEEE International Midwest Symposium on},
  pages={129--132},
  year={2010},
  organization={IEEE}
}

@inproceedings{20,
  title={Memory-aware system scenario approach energy impact},
  author={Filippopoulos, Iason and Catthoor, Francky and Kjeldsberg, Per Gunnar and Hammari, Elena and Huisken, Jos},
  booktitle={NORCHIP, 2012},
  pages={1--6},
  year={2012},
  organization={IEEE}
}

@article{21,
  title={Enabling efficient system configurations for dynamic wireless applications using system scenarios},
  author={Zompakis, Nikolaos and Papanikolaou, Antonis and Raghavan, Praveen and Soudris, Dimitrios and Catthoor, Francky},
  journal={International journal of wireless information networks},
  volume={20},
  number={2},
  pages={140--156},
  year={2013},
  publisher={Springer}
}

@inproceedings{22,
  title={Soda: A low-power architecture for software radio},
  author={Lin, Yuan and Lee, Hyunseok and Woh, Mark and Harel, Yoav and Mahlke, Scott and Mudge, Trevor and Chakrabarti, Chaitali and Flautner, Krisztian},
  booktitle={ACM SIGARCH Computer Architecture News},
  volume={34},
  number={2},
  pages={89--101},
  year={2006},
  organization={IEEE Computer Society}
}

@article{23,
  title={Design of a power-reduction Viterbi decoder for WLAN applications},
  author={Lin, Chien-Ching and Shih, Yen-Hsu and Chang, Hsie-Chia and Lee, Chen-Yi},
  journal={Circuits and Systems I: Regular Papers, IEEE Transactions on},
  volume={52},
  number={6},
  pages={1148--1156},
  year={2005},
  publisher={IEEE}
}

@inproceedings{24,
  title={Fast multi-dimension multi-choice knapsack heuristic for MP-SoC run-time management},
  author={Ykman-Couvreur, Ch and Nollet, Vincent and Catthoor, Fr and Corporaal, Henk},
  booktitle={System-on-Chip, 2006. International Symposium on},
  pages={1--4},
  year={2006},
  organization={IEEE}
}








