@article{schmit1997synthesis,
  title={Synthesis of application-specific memory designs},
  author={Schmit, Herman and Thomas, Donald E},
  journal={Very Large Scale Integration (VLSI) Systems, IEEE Transactions on},
  volume={5},
  number={1},
  pages={101--111},
  year={1997},
  publisher={IEEE}
}

@inproceedings{passes1995multi,
  title={Multi-dimensional interleaving for time-and-memory design optimization},
  author={Passes, NL and Sha, Edwin HM and Chao, Liang-Fang},
  booktitle={Computer Design: VLSI in Computers and Processors, 1995. ICCD'95. Proceedings., 1995 IEEE International Conference on},
  pages={440--445},
  year={1995},
  organization={IEEE}
}

@inproceedings{jantsch1994hardware,
  title={Hardware/software partitioning and minimizing memory interface traffic},
  author={Jantsch, Axel and Ellervee, Peeter and Hemani, Ahmed and {\"O}berg, Johnny and Tenhunen, Hannu},
  booktitle={Proceedings of the conference on European design automation},
  pages={226--231},
  year={1994},
  organization={IEEE Computer Society Press}
}

@inproceedings{Elena2012,
  title={Identifying Data-Dependent System Scenarios in a Dynamic Embedded System},
  author={Hammari, Elena and Catthoor, Francky and Kjeldsberg, Per Gunnar and Huisken, Jos and Tsakalis, K and Iasemidis, L},
  booktitle={Proceedings of the International Conference on Engineering of Reconfigurable Systems and Algorithms (ERSA)},
  pages={1},
  year={2012},
  organization={The Steering Committee of The World Congress in Computer Science, Computer Engineering and Applied Computing (WorldComp)}
}

@inproceedings{kandemir2001improving,
  title={Improving memory energy using access pattern classification},
  author={Kandemir, Mahmut and Sezer, Ugur and Delaluz, Victor},
  booktitle={Proceedings of the 2001 IEEE/ACM international conference on Computer-aided design},
  pages={201--206},
  year={2001},
  organization={IEEE Press}
}

@book{math,
  title={Combinatorial mathematics},
  author={Ryser, Herbert John},
  year={1963},
  publisher={MAA Washington}
}

@inproceedings{usecase,
  title={A case study for generating test cases from use cases},
  author={Gutierrez, Javier J and Escalona, Maria J and Mejias, Manuel and Torres, Jesus and Centeno, Arturo H},
  booktitle={Research Challenges in Information Science, 2008. RCIS 2008. Second International Conference on},
  pages={209--214},
  year={2008},
  organization={IEEE}
}

@inproceedings{grun2000mist,
  title={MIST: An algorithm for memory miss traffic management},
  author={Grun, Peter and Dutt, Nikil and Nicolau, Alex},
  booktitle={Proceedings of the 2000 IEEE/ACM international conference on Computer-aided design},
  pages={431--438},
  year={2000},
  organization={IEEE Press}
}

@article{jacob1996analytical,
  title={An analytical model for designing memory hierarchies},
  author={Jacob, Bruce L and Chen, Peter M and Silverman, Seth R and Mudge, Trevor N},
  journal={Computers, IEEE Transactions on},
  volume={45},
  number={10},
  pages={1180--1194},
  year={1996},
  publisher={IEEE}
}

@inproceedings{abraham1999automatic,
  title={Automatic and efficient evaluation of memory hierarchies for embedded systems},
  author={Abraham, Santosh G and Mahlke, Scott and others},
  booktitle={Microarchitecture, 1999. MICRO-32. Proceedings. 32nd Annual International Symposium on},
  pages={114--125},
  year={1999},
  organization={IEEE}
}

@inproceedings{chen1999loop,
  title={Loop scheduling and partitions for hiding memory latencies},
  author={Chen, Fei and Sha, Edwin Hsing-Mean},
  booktitle={Proceedings of the 12th international symposium on System synthesis},
  pages={64},
  year={1999},
  organization={IEEE Computer Society}
}


@article{oshima1997high,
  title={High accumulation of tributyltin in blood among the tissues of fish and applicability to environmental monitoring},
  author={Oshima, Yuji and Nirmala, Kukuh and Go, Jyoji and Yokota, Yoshiko and Koyama, Jiro and Imada, Nobuyoshi and Honjo, Tsuneo and Kobayashi, Kunio},
  journal={Environmental toxicology and chemistry},
  volume={16},
  number={7},
  pages={1515--1517},
  year={1997},
  publisher={Wiley Online Library}
}

@inproceedings{filippopoulos2012memory,
  title={Memory-aware system scenario approach energy impact},
  author={Filippopoulos, Iason and Catthoor, Francky and Kjeldsberg, Per Gunnar and Hammari, Elena and Huisken, Jos},
  booktitle={NORCHIP, 2012},
  pages={1--6},
  year={2012},
  organization={IEEE}
}

@article{li1999hardware,
  title={Hardware/software co-synthesis with memory hierarchies},
  author={Li, Yanbing and Wolf, Wayne H},
  journal={Computer-Aided Design of Integrated Circuits and Systems, IEEE Transactions on},
  volume={18},
  number={10},
  pages={1405--1417},
  year={1999},
  publisher={IEEE}
}

@article{Gem5,
 author = {Binkert, Nathan and Beckmann, Bradford and Black, Gabriel and Reinhardt, Steven K. and Saidi, Ali and Basu, Arkaprava and Hestness, Joel and Hower, Derek R. and Krishna, Tushar and Sardashti, Somayeh and Sen, Rathijit and Sewell, Korey and Shoaib, Muhammad and Vaish, Nilay and Hill, Mark D. and Wood, David A.},
 title = {The gem5 simulator},
 journal = {SIGARCH Comput. Archit. News},
 issue_date = {May 2011},
 volume = {39},
 number = {2},
 month = aug,
 year = {2011},
 issn = {0163-5964},
 pages = {1--7},
 numpages = {7},
 url = {http://doi.acm.org/10.1145/2024716.2024718},
 doi = {10.1145/2024716.2024718},
 acmid = {2024718},
 publisher = {ACM},
 address = {New York, NY, USA},
} 



@Book{dtse,
author = {Francky Catthoor and Sven Wuytack and G.E. de Greef and Florin Banica and Lode Nachtergaele and Arnout Vandecappelle},
title = {Custom Memory Management Methodology: Exploration of Memory Organisation for Embedded Multimedia System Design},
publisher = {Springer},
year = {1998},
}



@book{tcm,
 author = {Ma, Zhe and others},
 title = {Systematic Methodology for Real-Time Cost-Effective Mapping of Dynamic Concurrent Task-Based Systems on Heterogenous Platforms},
 year = {2007},
 isbn = {1402063288, 9781402063282},
 edition = {1st},
 publisher = {Springer Publishing Company, Incorporated},
}


@PhdThesis{narasinga,
author = {Narasinga Rao Miniskar},
title = {System Scenario Based Resource Management of Processing Elements on MPSoC},
school = {Katholieke Universiteit Leuven},
year = {2012},
}


@article{Gheorghita2007,
 author = {Gheorghita, Stefan Valentin and and others},
 title = {System-scenario-based design of dynamic embedded systems},
 journal = {ACM Trans. Des. Autom. Electron. Syst.},
 issue_date = {January 2009},
 volume = {14},
 number = {1},
 month = jan,
 year = {2009},
 issn = {1084-4309},
 pages = {3:1--3:45},
 articleno = {3},
 numpages = {45},
 acmid = {1455232},
 publisher = {ACM},
 address = {New York, NY, USA},
 keywords = {Design methodology, dynamic nature, embedded systems, energy reduction, real-time systems, system scenarios},
}

@ARTICLE{Gonzalez1996,
author={Gonzalez, R. and Horowitz, M.},
journal={Solid-State Circuits, IEEE Journal of}, title={Energy dissipation in general purpose microprocessors},
year={1996},
month={sep},
volume={31},
number={9},
pages={1277 -1284},
keywords={clock network;energy dissipation;energy-delay product;general purpose microprocessors;instruction level parallelism;on-chip memories;pipelining;integrated circuit design;microprocessor chips;parallel architectures;pipeline processing;},
doi={10.1109/4.535411},
ISSN={0018-9200},}

@INPROCEEDINGS{Elena2010,
author={Hammari, E. and Catthoor, F. and Huisken, J. and Kjeldsberg, P G },
booktitle={NORCHIP, 2010}, title={Application of medium-grain multiprocessor mapping methodology to epileptic seizure predictor},
year={2010},
month={nov.},
volume={},
number={},
pages={1 -6},
keywords={Lyapunov exponent calculator;epileptic seizure predictor;medical signal processing application;medium-grain multiprocessor mapping methodology;multiprocessor system-on-chip;task concurrency management methodology;thread node splitting technique;medical signal processing;multiprocessing systems;system-on-chip;},
doi={10.1109/NORCHIP.2010.5669489},
ISSN={},}

@INPROCEEDINGS{Artes2011,
author={Artes, A. and others},
booktitle={VLSI and System-on-Chip (VLSI-SoC), 2011 IEEE/IFIP 19th International Conference on}, title={Run-time self-tuning banked loop buffer architecture for power optimization of dynamic workload applications},
year={2011},
month={oct.},
volume={},
number={},
pages={136 -141},
keywords={dynamic energy consumption;dynamic workload applications;embedded systems;energy budget distribution;instruction memory organization;leakage energy consumption;post-layout simulations;power optimization;run-time loop buffer controller;run-time self-tuning banked loop buffer architecture;single monolithic memory;total energy consumption;buffer circuits;computer power supplies;embedded systems;memory architecture;},
doi={10.1109/VLSISoC.2011.6081635},
ISSN={},}

@article{Iasemidis2005,
title = "Long-term prospective on-line real-time seizure prediction",
journal = "Clinical Neurophysiology",
volume = "116",
number = "3",
pages = "532--544",
year = "2005",
author = "L.D. Iasemidis and others",
}

@article{Iasemidis2011,
 author = {Iasemidis, L.D.},
 title = {Seizure Prediction and its Applications},
 journal = {Neurosurg. Clin. N. Am.},
 volume = {22},
 pages = {489--506},
 year = {2011}
}

@InProceedings{graybox,
title={MTG and grey-box: modeling dynamic multimedia applications with concurrency and non-determinism},
author={Himpe, Stefaan and Catthoor, Francky and De Coninck, G and Van Meerbergen, J},
journal={System Specification and Design Languages: Best of FDL02},
year={2002}
}

@INPROCEEDINGS{Valgrind,
author={Nicholas Nethercote and Julian Seward},
booktitle={Proceedings of the Third International ACM SIGPLAN/SIGOPS Conference on Virtual Execution Environments},
title={How to Shadow Every Byte of Memory Used by a Program},
year={2007},
month={},
volume={},
number={},
pages={},
}

@INPROCEEDINGS{Ben00b,
author={Benini, L. and Macii, A. and Poncino, M.},
booktitle={Low Power Electronics and Design, 2000. ISLPED '00. Proceedings of the 2000 International Symposium on}, title={A recursive algorithm for low-power memory partitioning},
year={2000},
month={},
volume={},
number={},
pages={ 78 - 83},
keywords={ ARM processor; automatic partitioning; average energy savings; dynamic execution profile; embedded systems; globally optimum solution; low-power memory partitioning; memory access patterns; memory-processor integration; multi-banked SRAM architecture; on-chip SRAM; power cost metrics; recursive algorithm; SRAM chips; application specific integrated circuits; embedded systems; logic partitioning; low-power electronics; microprocessor chips;},
doi={10.1109/LPE.2000.155257},
ISSN={},}

@ARTICLE{Ben00c,
author={Benini, L. and others},
journal={Design Test of Computers, IEEE}, title={Increasing energy efficiency of embedded systems by application-specific memory hierarchy generation},
year={2000},
month={apr-jun},
volume={17},
number={2},
pages={74 -85},
keywords={MP3 decoder;application-specific memory hierarchy generation;automatic memory hierarchy generation;embedded software;embedded systems;energy efficiency;memory access locality;decoding;embedded systems;optimisation;systems analysis;},
doi={10.1109/54.844336},
ISSN={0740-7475},}



@INPROCEEDINGS{Ben00d,
author={Benini, L. and Macii, A. and Poncino, M.},
booktitle={Design Automation Conference, 2000. Proceedings 2000. 37th}, title={Synthesis of application-specific memories for power optimization in embedded systems},
year={2000},
month={},
volume={},
number={},
pages={300 -303},
keywords={},
doi={10.1109/DAC.2000.855324},
ISSN={},}


@Book{Mac02,
author = {A. Macii and L. Benini and M. Poncino},
title = {Memory Design Techniques for Low-Energy Embedded Systems},
publisher = {Kluwer Academic Publishers},
year = {2002},
}

@article{Garcia,
 author = {Garcia, Philip and Compton, Katherine and Schulte, Michael and Blem, Emily and Fu, Wenyin},
 title = {An overview of reconfigurable hardware in embedded systems},
 journal = {EURASIP J. Embedded Syst.},
 issue_date = {January 2006},
 volume = {2006},
 number = {1},
 month = jan,
 year = {2006},
 issn = {1687-3955},
 pages = {13--13},
 numpages = {1},
 acmid = {1288236},
 publisher = {Hindawi Publishing Corp.},
 address = {New York, NY, United States},
}

@INPROCEEDINGS {Pal06,
author = {Palkovic, Martin and Catthoor, Francky and Corporaal, Henk},
booktitle={Proc. of the 4th Workshop on Optimizations for DSP and Embedded Systems},
pages={21--30},
year={2006},
organization={IEEE and ACM SIGMICRO }
}
@INPROCEEDINGS{Pal07,
author={Palkovic, M. and Corporaal, H. and Catthoor, F.},
booktitle={System-on-Chip, 2007 International Symposium on}, title={Heuristics for Scenario Creation to Enable General Loop Transformations},
year={2007},
month={nov.},
volume={},
number={},
pages={1 -4},
keywords={advanced global loop transformation;control flow graph;design time optimization;embedded system;data flow graphs;embedded systems;optimisation;program control structures;},
doi={10.1109/ISSOC.2007.4427430},
ISSN={07EX1846C},}

@Article{Pal06b,
author = {Palkovic, Martin and others},
title = {Systematic Preprocessing of Data Dependent Constructs for Embedded Systems },
journal = {Journal of Low Power Electronics, Volume 2, Number 1 },
year = {2006},
}

@Book{patterson,
author = {Patterson, D.A. and Hennessy, J.L.},
title = {Exploiting Memory Hierarchy in Computer Organization and Design the HW/SW Intelface},
publisher = {Morgan Kaufmann},
year = {1994},
}

@INPROCEEDINGS{dvfs,
author={Portero, A. and others},
booktitle={Application-specific Systems, Architectures and Processors, 2006. ASAP '06. International Conference on}, title={Dynamic Voltage Scaling for Power Efficient MPEG4-SP Implementation},
year={2006},
month={sept. },
volume={},
number={},
pages={257 -260},
keywords={},
doi={10.1109/ASAP.2006.28},
ISSN={1063-6862},}

@ARTICLE{viterbi,
author={Viterbi, A.},
journal={Information Theory, IEEE Transactions on}, title={Error bounds for convolutional codes and an asymptotically optimum decoding algorithm},
year={1967},
month={april },
volume={13},
number={2},
pages={260 -269},
keywords={Convolutional codes;},
doi={10.1109/TIT.1967.1054010},
ISSN={0018-9448},}

@inproceedings{avd,
 author = {Swaminathan, Sriram and others},
 title = {A dynamically reconfigurable adaptive viterbi decoder},
 booktitle = {Proceedings of the 2002 ACM/SIGDA tenth international symposium on Field-programmable gate arrays},
 series = {FPGA '02},
 year = {2002},
 isbn = {1-58113-452-5},
 location = {Monterey, California, USA},
 pages = {227--236},
 numpages = {10},
 acmid = {503081},
 publisher = {ACM},
 address = {New York, NY, USA},
 keywords = {FPGA, Viterbi coding, dynamic reconfiguration},
}

@INPROCEEDINGS{Ben99,
author={Simunic, T. and Benini, L. and De Micheli, G.},
booktitle={Design Automation Conference, 1999. Proceedings. 36th}, title={Cycle-accurate simulation of energy consumption in embedded systems },
year={1999},
month={},
volume={},
number={},
pages={867 -872},
keywords={DC-DC converter;Dhrystone benchmark;L2 cache;SmartBadge;StrongARM-1100 processor;embedded systems;energy consumption;energy model;instruction-level cycle-accurate simulator;interconnect;real-time MPEG feature;simulation methodology;DC-DC power convertors;circuit CAD;circuit simulation;digital simulation;embedded systems;instruction sets;integrated circuit design;low-power electronics;},
doi={10.1109/DAC.1999.782199},
ISSN={},}

@INPROCEEDINGS{Che09,
author={Cheung, E. and Hsieh, H. and Balarin, F.},
booktitle={Design Automation Conference, 2009. ASP-DAC 2009. Asia and South Pacific}, title={Memory subsystem simulation in software TLM/T models},
year={2009},
month={jan.},
volume={},
number={},
pages={811 -816},
keywords={caches;industrial-strength MPEG-2 decoder;memory addresses;memory subsystem simulation;multiprocessor system-on-a-chips;reverse address map;software transition-level modeling;cache storage;decoding;multiprocessing systems;storage allocation;system-on-chip;video coding;},
doi={10.1109/ASPDAC.2009.4796580},
ISSN={},}


@article{Pgk01,
 author = {Panda, P. R. and others},
 title = {Data and memory optimization techniques for embedded systems},
 journal = {ACM Trans. Des. Autom. Electron. Syst.},
 issue_date = {April 2001},
 volume = {6},
 number = {2},
 month = apr,
 year = {2001},
 issn = {1084-4309},
 pages = {149--206},
 numpages = {58},
 acmid = {375978},
 publisher = {ACM},
 address = {New York, NY, USA},
 keywords = {DRAM, SRAM, address generation, allocation, architecture exploration, code transformation, data cache, data optimization, high-level synthesis, memory architecture customization, memory power dissipation, register file, size estimation, survey},
}

@INPROCEEDINGS{Fil12,
author={Filippopoulos, Iason and Catthoor, Francky and Kjeldsberg, Per Gunnar and Hammari, Elena and Huisken, Jos},
booktitle={NORCHIP, 2012}, title={Memory-aware system scenario approach energy impact},
year={2012},
month={nov.},
volume={},
number={},
pages={1 -6},
keywords={},
doi={10.1109/NORCHP.2012.6403111},
ISSN={},}

@misc{Poly,
  title={PolyBench: The Polyhedral Benchmark suite},
  author={Pouchet, L.N.}
}

@inproceedings{mibench,
  title={MiBench: A free, commercially representative embedded benchmark suite},
  author={Guthaus, M.R. and Ringenberg, J.S. and Ernst, D. and Austin, T.M. and Mudge, T. and Brown, R.B.},
  booktitle={Workload Characterization, 2001. WWC-4. 2001 IEEE International Workshop on},
  pages={3--14},
  year={2001},
  organization={IEEE}
}

@inproceedings{mediabench,
  title={MediaBench: a tool for evaluating and synthesizing multimedia and communicatons systems},
  author={Lee, C. and Potkonjak, M. and Mangione-Smith, W.H.},
  booktitle={Proceedings of the 30th annual ACM/IEEE international symposium on Microarchitecture},
  pages={330--335},
  year={1997},
  organization={IEEE Computer Society}
}

@article{hul11,
  title={An Ultra Low Energy Biomedical Signal Processing System Operating at Near-Threshold},
  author={Hulzink, J. and Konijnenburg, M. and Ashouei, M. and Breeschoten, A. and Berset, T. and Huisken, J. and Stuyt, J. and de Groot, H. and Barat, F. and David, J. and others},
  journal={Biomedical Circuits and Systems, IEEE Transactions on},
  volume={5},
  number={6},
  pages={546--554},
  year={2011},
  publisher={IEEE}
}

@article{Ang13,
  title={A Scalable and Near-optimal Representation for Storage Size Management},
  author={Kritikakou, A. and Catthoor, F. and Kelefouras, V. and Goutis, C.},
  journal={ACM Trans. Architecture and Code Optimization},
  volume={conditionally accepted},
  year={2013}
}


@article{Ang13b,
  title={Near-optimal and Scalable Intra-signal In-place for Non-overlapping and Irregular Access Scheme},
  author={Kritikakou, A. and Catthoor, F. and Kelefouras, V. and Goutis, C.},
  journal={ACM Trans. Design Automation of Electronic Systems (TODAES)},
  volume={conditionally accepted},
  year={2013}
}

@misc{Altera,
  title={Leveraging the 50nm process node to deliver the world's most advanced custom logic devices},
  author={Altera}
}

@article{Mei11,
  title={Benchmarking of standard-cell based memories in the sub-VT domain in 65-nm CMOS technology},
  author={Meinerzhagen, Pascal and Sherazi, SM Yasser and Burg, Andreas and Rodrigues, Joachim Neves},
  journal={IEEE Transactions on Emerging and Selected Topics in Circuits and Systems},
  volume={1},
  number={2},
  year={2011}
}

@inproceedings{Mei10,
  title={Towards generic low-power area-efficient standard cell based memory architectures},
  author={Meinerzhagen, P and Roth, C and Burg, A},
  booktitle={Circuits and Systems (MWSCAS), 2010 53rd IEEE International Midwest Symposium on},
  pages={129--132},
  year={2010},
  organization={IEEE}
}

@inproceedings{Chu02,
 author = {Chung, Eui-Young and De Micheli, Giovanni and Benini, Luca},
 title = {Contents provider-assisted dynamic voltage scaling for low energy multimedia applications},
 booktitle = {Proceedings of the 2002 international symposium on Low power electronics and design},
 series = {ISLPED '02},
 year = {2002},
 isbn = {1-58113-475-4},
 location = {Monterey, California, USA},
 pages = {42--47},
 numpages = {6},
}

@inproceedings{Mar03,
author={Marchal, P. and Bruni, D. and Gomez, J.I. and Benini, L. and Pinuel, L. and Catthoor, F. and Corporaal, H.},
booktitle={Design, Automation and Test in Europe Conference and Exhibition, 2003}, title={SDRAM-Energy-Aware memory allocation for dynamic multi-media applications on multi-processor platforms},
year={2003},
pages={516-521},
}
